@manual{touchscreen,
	organization  = "Texas Instruments",
	title         = "TSC2046I Low Voltage I/O Touch Screen Controller",
	number        = "TSC2046I",
	year          =  2008,
	month         =  "January",
	note          = "Rev. 1"
}

@manual{broadcom_wireless,
	organization  = "Broadcom",
	title         = "Single-Chip IEEE 802.11TM a/b/g/n MAC/Baseband/ Radio with Integrated SDIO and USB Interfaces",
	number        = "BCM4319XKUBG",
	year          =  2014,
	month         =  "April"
}
